@Book{mpsi_maths,
author={Nicolas Nguyen and Walter Damin and Mathieu Fontes and Cristophe Jan},
title={Mathématiques MPSI},
year={2017},
publisher={Ellipses},
edition={4}
}

@misc{notes_m74,
  author        = {Yves Aubry},
  title         = {Notes de cours de théorie de représentations},
  year          = {2022},
  publisher={Faculté Sciences et Techniques de l'Université de Toulon}
}

@misc{notes_m54,
  author        = {Yves Aubry},
  title         = {Notes de cours d'Algèbre 5},
  year          = {2021},
  publisher={Faculté de Sciences et Techniques de l'Université de Toulon}
}
